@misc{netfilter-firewall,
  author =      "Victor Castro",
  title =       "Roll Your Own Firewall with Netfilter",
  month =       october,
  year =        2003,
  howpublished = "http://www.linuxjournal.com/article/7184"
}
@misc{jhash,
  author =      "Bob Jenkins",
  title =       "Hash Functions and Block Ciphers",
  month =       march,
  year =        2009,
  howpublished = "http://burtleburtle.net/bob/hash/"
}
@misc{iptables,
  author =      "Software in the Public Interest Inc.",
  title =       "Iptables",
  month =       october,
  year =        2009,
  howpublished = "http://en.wikipedia.org/wiki/Iptables"
}
